@magazine{teppa,
	author = {Teppa Garran, P and Nardone, V and Diez, J.R},
	title = {LQR Control Employing Output Derivative Measures},
	year = {2015},
	volume = {13},
	number = {8},
	journal = {IEEE Latin America Transactions},
	pages = {2538-2544},
	}

@magazine{chen,
	author = {Chen, C.T},
	title = {Introduction to the Linear Algebraic Method for Control System Desing},
	year = {1987},
	journal = {IEEE Control System Magazine},
	volume = {7},
	number = {5},
	}
	
@magazine{Asarkar,
	author = {Asarkar, S.A and Chaudhari, S.M},
	title = {Parameter Identification and Modeling of Separately Exited DC Motor},
	year = {2015},
	volume = {2},
	number = {7},
	journal = {International Journal of Innovations in Engineering Reseach and Technology},
	}	

	
@book{chen2,
	author = {Chen, C.T},
	title = {Linear System Theory and Desing},
	year = {2012},
	edition = {4},
	publisher = {Oxford University Press},
}

@magazine{chen3,
	author = {Chen, C.T and Seo, B},
	title = {Applications of the Linear Algebraic Method for Control System Desing},
	year = {1990},
	journal = {IEEE Control System Magazine},
	volume = {10},
	number = {1},
	month = {Enero}
}

@book{baptista,
	author = {Baptista, P and Fern\'andez-Collado, C and Hern\'andez, R},
	title = {Metodolog\'ia de la Investigaci\'on},
	year = {2006},
	edition = {4},
	publisher = {Mc Graw Hill},	
	}
	
@book{goodwin,
	author = {Goodwin, G and Graebe, S and Salgado, M},
	title = {Control System Desing},
	year = {2000},
	edition = {1},
	publisher = {Prentice Hall},
	}
	
@book{ogata,
	author = {Ogata, K},	
	title = {Ingenier\'ia de Control Moderno},
	year = {2003},
	edition = {4},
	publisher = {Pearson Educaci\'on},
	}
	
@book{dorf,
	author = {Dorf, R and Bishop, R},
	title = {Sistemas de Control Moderno},
	year = {2005},
	edition = {10},
	publisher = {Pearson Educaci\'on},
	}

@book{levine,
	author = {Levine, W},
	title = {The Control Handbook},
	year = {2011},
	edition = {2},
	publisher = {CRC Press},
	}

@book{kuo,
	author = {Kuo, B},
	title = {Sistemas de Control Autom\'atico},
	year = {1996},
	edition = {7},
	publisher = {Pearson Educaci\'on},
	}

@book{slotine,
	author = {Slotine, J and Eli, W},
	title = {Applied Nonlinear Control},
	year = {1991},
	publisher = {Prentice Hall},
	}

@book{brogan,
	author = {Brogan, W},
	title = {Modern Control Theory},
	year = {1990},
	edition = {3},
	publisher = {Prentice Hall},
	}

@book{hoffman,
	author = {Hoffman, K and Kunze, R},
	title = {Algebra Lineal},
	year = {1971},
	edition = {1},
	publisher = {Prentice Hall Hiponoamerica, S.A}
}
	
@magazine{athans,
	author = {Athans, M},
	title = {The role and use of stochastic Linear-Quadratic-Gaussian problem in control system desing},
	year = {1971},
	volume = {16},
	number = {6},
	journal = {IEEE Transaction on Automatic Control},
	pages = {529-552},
	}

@magazine{doyle,
	author = {Doyle, J and Stein, G},
	title = {Multivariable feedback desing: concepts for a classical/modern synthesis},
	year = {1981},
	volume = {26},
	number = {1},
	journal = {IEEE Transaction on Automatic Control},
	pages = {4-16},
	}
	
@book{camacho,
	author = {Camacho, E and Bordons, C},
	title = {Model Predictive Control},
	year = {2004},
	edition = {2},
	publisher = {Springer},
	}

@book{ponce,
		author = {Ponce Cruz,P and Samp\'e L\'opez, J},
		title = {M\'aquinas El\'ectricas y t\'ecnicas modernas de control},
		year = {2008},
		edition = {2},
		publisher = {Alfaomega},
	}
	
@magazine{teppa2,
	author = {Teppa, P and Garcia, G},
	title = {ADRC tuning employing the LQR approach for decoupling uncertain MIMO systems},
	year = {2014},
	volume = {43},
	number = {2},
	journal = {Information Technology and Control},
	pages = {157-165},
	}
	
@book{sendrescu,
	author = {Sendrescu, D},
	title = {Nonlinear Identification of a Rotary Flexible Joint Experiment},
	publisher = {University of Craiova, Department of Automatic Control},
	address = {Romania},
	year = {2010},
	url = {http://ace.ucv.ro/analele/2010_vol2/11DorinSendrescu.pdf},
	urldate = {29 de Mayo de 2.017}
}



	
@book{zhou,
	author = {Zhou, K and Doyle, J},
	title = {Essentials of Robust Control},
	year = {1998},
	publisher = {Prentice Hall},
	}
	
@book{aguilera,
	author = {Aguilera, J and Lizana, M},
	title = {Estudio cualitativo de ecuaciones diferenciales ordinarias},
	year = {1990},
	publisher = {Universidad Central de Venezuela}	
	}

@book{apostol,
	author = {Apostol, T.M},
	title = {An\'alisis matem\'atico},
	edition = {2},
	publisher = {Editorial Revert\'e},
	year ={2009}	
	}

@book{morse,
	author = {Morse, M},
	title = {Variational analysis},
	edition = {1},
	publisher = {Dover Publications, INC},
	year = {2001}
	}

@book{naidu,
	author = {Naidu, D. S},
	title = {Optimal control systems},
	edition = {1},
	publisher = {CRC Press},
	year = {2002}
	}
	
@book{etkin,
	author = {Etkin, B and Reid, L},
	title = {Dynamics of flight: Stability and Control},
	edition = {3},
	publisher = {John Wiley \& Sons, Inc},
	year = {1996}
}

@book{herstein,
	author = {Herstein, I.N},
	title = {Algebra moderna: grupos, anillos, campos, teoria de Galois},
	edition = {2},
	publisher = {Editorial Trillas},
	year = {1990}
}

@book{kirk,
	author = {Kirk, D},
	title = {Optimal Control Theory An Introduction},
	edition = {1},
	publisher = {Dover Publications, Inc},
	year = {1970}
}

@book{zill,
	author = {Zill, D and Cullen, M},
	title = {Ecuaciones Diferenciales},
	publisher = {Mc Graw Hill},
	edition = {3},
	year = {2008}
}

@book{shilov,
	author = {Shilov, G},
	title = {Elementary Functional Analysis},
	publisher = {Dover Publications, Inc},
	year = {1974}
}

@mastersthesis{bravo,
	author={Bravo, M},
	title={Aplicaci\'on del controlador por rechazo activo por perturbaciones al control de temperatura y nivel},
	year={2012},
	school={Universidad Sim\'on Bol\'ivar} 	
}

@mastersthesis{lopez,
	author={Lopez, E},
	title={Dise\~no de un observador backstepping para un robot con articulaci\'on rotatoria flexible},
	year={2001},
	school={Universidad Aut\'onoma de Nuevo Le\'on} 	
}

@mastersthesis{nardone,
	author={Nardone,V},
	title={Desarrollo de un regulador lineal cuadr\'atico \'optimo con ponderaci\'on en la derivada de la salida},
	year={2012},
	school={Universidad Sim\'on Bol\'ivar}	
}

@misc{quanser_tanks,
	author ={Quanser Consulting,Inc},
	title = {Couple Water Tank Experiments},
	year = {2016}
}

@misc{gazdos,
	author = {Gazdo\v{s},F and Dost\'al, P and Pelik\'an,R},
	title = {Polynomial approach to control system desing for a magnetic levitation system},
	school = {Tomas Bata University},
	address = {Zl\'in, Rep\'ublica Checa},
	year = {2016}
		
}
