@magazine{teppa,
	author = {Teppa Garran, P and Nardone, V and Diez, J.R},
	title = {LQR Control Employing Output Derivative Measures},
	year = {2015},
	volume = {13},
	number = {8},
	journal = {IEEE Latin America Transactions},
	pages = {2538-2544},
	}

@magazine{chen,
	author = {Chen, C.T},
	title = {Introduction to the Linear Algebraic Method for Control System Desing},
	year = {1987},
	journal = {IEEE Control System Magazine},
	volume = {7},
	number = {5},
	}
	
@book{chen2,
	author = {Chen, C.T},
	title = {Linear System Theory and Desing},
	year = {2012},
	edition = {4},
	publisher = {Oxford University Press},
}

@book{goodwin,
	author = {Goodwin, G and Graebe, S and Salgado, M},
	title = {Control System Desing},
	year = {2000},
	edition = {1},
	publisher = {Prentice Hall},
	}
@book{brogan,
	author = {Brogan, W},
	title = {Modern Control Theory},
	year = {1990},
	edition = {3},
	publisher = {Prentice Hall},
	}


@magazine{doyle,
	author = {Doyle, J and Stein, G},
	title = {Multivariable feedback desing: concepts for a classical/modern synthesis},
	year = {1981},
	volume = {26},
	number = {1},
	journal = {IEEE Transaction on Automatic Control},
	pages = {4-16},
	}

@book{zhou,
	author = {Zhou, K and Doyle, J},
	title = {Essentials of Robust Control},
	year = {1998},
	publisher = {Prentice Hall},
	}
@book{naidu,
	author = {Naidu, D. S},
	title = {Optimal control systems},
	edition = {1},
	publisher = {CRC Press},
	year = {2002}
	}

@book{kirk,
	author = {Kirk, D},
	title = {Optimal Control Theory An Introduction},
	edition = {1},
	publisher = {Dover Publications, Inc},
	year = {1970}
}

@mastersthesis{bravo,
	author={Bravo, M},
	title={Aplicaci\'on del controlador por rechazo activo por perturbaciones al control de temperatura y nivel},
	year={2012},
	school={Universidad Sim\'on Bol\'ivar} 	
}

@mastersthesis{lopez,
	author={Lopez, E},
	title={Dise\~no de un observador backstepping para un robot con articulaci\'on rotatoria flexible},
	year={2001},
	school={Universidad Aut\'onoma de Nuevo Le\'on} 	
}

@misc{quanser_tanks,
	author ={Quanser Consulting,Inc},
	title = {Couple Water Tank Experiments},
	year = {2016}
}